% Encoding: UTF8

@book{newton,
  title={Philosophiae naturalis principia mathematica},
  author={Newton, Isaac},
  volume={1},
  year={1833},
  publisher={G. Brookman}
}

@book{error,
	title={Measurements and their uncertainties: a practical guide to modern error analysis},
	author={Hughes, Ifan and Hase, Thomas},
	year={2010},
	publisher={OUP Oxford}
}

@book{demtr√∂der,
	title={Experimentalphysik},
	author={Demtr{\"o}der, Wolfgang},
	volume={1},
	year={1998},
	publisher={Springer}
}
