% Encoding: UTF8

@book{newton,
  title={Philosophiae naturalis principia mathematica},
  author={Newton, Isaac},
  volume={1},
  year={1833},
  publisher={G. Brookman}
}

@book{error,
	title={Measurements and their uncertainties: a practical guide to modern error analysis},
	author={Hughes, Ifan and Hase, Thomas},
	year={2010},
	publisher={OUP Oxford}
}

@book{demtröder,
	title={Experimentalphysik 2},
	author={Demtröder, Wolfgang},
	volume={2},
	year={2004},
	publisher={Springer}
}
